<?xml version="1.0" encoding="UTF-8"?><collection xmlns="http://www.loc.gov/MARC21/slim"><record><leader>00492nam--2200145-i-4500</leader><controlfield tag="001">000006759</controlfield><controlfield tag="002">20161230</controlfield><controlfield tag="005">20170114220055</controlfield><controlfield tag="008">060222s1000------------r-----000-0-eng-d</controlfield><datafield ind1=" " ind2=" " tag="100"><subfield code="a">Chabert, Andre</subfield></datafield><datafield ind1=" " ind2=" " tag="245"><subfield code="a">Etude des oscillations synchrotroniques dans un synchrotron a gradient alterne. Applications a la modification des caracteristiques du fais ceau</subfield><subfield code="b">these</subfield></datafield><datafield ind1=" " ind2=" " tag="260"><subfield code="a">Lyon</subfield><subfield code="b">Faculte Des Sciences De L Univers</subfield><subfield code="c">1961</subfield></datafield><datafield ind1=" " ind2=" " tag="300"><subfield code="a">100 p</subfield></datafield><datafield ind1=" " ind2=" " tag="852"><subfield code="a">19125</subfield></datafield><datafield ind1=" " ind2=" " tag="CAT"><subfield code="a">SYS</subfield><subfield code="c">20170114</subfield><subfield code="h">220055</subfield></datafield></record></collection>